<record><leader>00000cas a22000007a 4500</leader><controlfield tag="001">1624510</controlfield><controlfield tag="008">750914d19061938mnudn ne      0    0eng d</controlfield><datafield ind1=" " ind2=" " tag="010"><subfield code="a">sn 91059107 </subfield></datafield><datafield ind1=" " ind2=" " tag="040"><subfield code="a">MUL</subfield><subfield code="b">eng</subfield><subfield code="c">MUL</subfield><subfield code="d">MN#</subfield><subfield code="d">OCLCQ</subfield><subfield code="d">OCLCF</subfield><subfield code="d">OCLCO</subfield></datafield><datafield ind1="1" ind2=" " tag="029"><subfield code="a">AU@</subfield><subfield code="b">000025886864</subfield></datafield><datafield ind1=" " ind2=" " tag="042"><subfield code="a">msc</subfield></datafield><datafield ind1=" " ind2=" " tag="043"><subfield code="a">n-us-mn</subfield></datafield><datafield ind1=" " ind2=" " tag="052"><subfield code="a">4144</subfield><subfield code="b">O9</subfield></datafield><datafield ind1=" " ind2=" " tag="052"><subfield code="a">4143</subfield><subfield code="b">S7</subfield></datafield><datafield ind1="0" ind2="4" tag="245"><subfield code="a">The Owatonna journal-chronicle.</subfield></datafield><datafield ind1="3" ind2="0" tag="246"><subfield code="a">Owatonna journal chronicle.</subfield></datafield><datafield ind1=" " ind2=" " tag="260"><subfield code="a">Owatonna, Minn. :</subfield><subfield code="b">Whiting &amp; Leurs and C.K. Bennett,</subfield><subfield code="c">1906-1938.</subfield></datafield><datafield ind1=" " ind2=" " tag="300"><subfield code="a">33 v.</subfield></datafield><datafield ind1=" " ind2=" " tag="310"><subfield code="a">Daily (except Sundays and holidays),</subfield><subfield code="b">June 16, 1937-Jan. 17, 1938.</subfield></datafield><datafield ind1=" " ind2=" " tag="321"><subfield code="a">Weekly,</subfield><subfield code="b">Mar. 16, 1906-June 10, 1937</subfield></datafield><datafield ind1="0" ind2=" " tag="362"><subfield code="a">Vol. 46, no. 12 (Mar. 16, 1906)-v. 78, no. 13 (Jan. 17, 1938).</subfield></datafield><datafield ind1=" " ind2=" " tag="530"><subfield code="a">Available on microfilm from the Minnesota Historical Society.</subfield></datafield><datafield ind1=" " ind2="0" tag="651"><subfield code="a">Owatonna (Minn.)</subfield><subfield code="v">Newspapers.</subfield></datafield><datafield ind1=" " ind2="7" tag="655"><subfield code="a">Newspapers.</subfield><subfield code="2">fast</subfield><subfield code="0">(OCoLC)fst01423814</subfield></datafield><datafield ind1=" " ind2="7" tag="651"><subfield code="a">Minnesota</subfield><subfield code="z">Owatonna.</subfield><subfield code="2">fast</subfield><subfield code="0">(OCoLC)fst01208537</subfield></datafield><datafield ind1=" " ind2=" " tag="752"><subfield code="a">United States</subfield><subfield code="b">Minnesota</subfield><subfield code="c">Steele</subfield><subfield code="d">Owatonna.</subfield></datafield><datafield ind1="0" ind2=" " tag="775"><subfield code="t">Owatonna evening journal</subfield><subfield code="w">(DLC)sn 91059108</subfield></datafield><datafield ind1="0" ind2=" " tag="775"><subfield code="t">Daily journal-chronicle</subfield><subfield code="w">(DLC)sn 91059106</subfield></datafield><datafield ind1="0" ind2="4" tag="780"><subfield code="t">Owatonna journal (Owatonna, Minn. : 1888)</subfield><subfield code="w">(DLC)sn 91059105</subfield></datafield><datafield ind1="0" ind2="4" tag="780"><subfield code="t">Owatonna chronicle</subfield><subfield code="w">(DLC)sn 91059103</subfield></datafield></record>